
@book{russenschuck_field_2011,
	title = {Field computation for accelerator magnets: analytical and numerical methods for electromagnetic design and optimization},
	publisher = {John Wiley \& Sons},
	author = {Russenschuck, Stephan},
	date = {2011},
}

@book{moon_field_1988,
	location = {Berlin, Germany},
	edition = {2},
	title = {Field theory handbook},
	rights = {https://www.springernature.com/gp/researchers/text-and-data-mining},
	publisher = {Springer},
	author = {Moon, Parry Hiram and Spencer, D E},
	date = {1988-05},
	langid = {english},
}

@misc{weisstein_modified_nodate,
	title = {Modified Bessel Function of the First Kind – from Wolfram {MathWorld}},
	url = {https://mathworld.wolfram.com/ModifiedBesselFunctionoftheFirstKind.html},
	author = {Weisstein, Eric W.},
	urldate = {2023-10-08},
}

@misc{weisstein_bessel_nodate,
	title = {Bessel Function – from Wolfram {MathWorld}},
	url = {https://mathworld.wolfram.com/BesselFunction.html},
	author = {Weisstein, Eric W.},
	urldate = {2023-10-08},
}

@misc{weisstein_bessel_nodate-1,
	title = {Bessel Function of the Second Kind – from Wolfram {MathWorld}},
	url = {https://mathworld.wolfram.com/BesselFunctionoftheSecondKind.html},
	author = {Weisstein, Eric W.},
	urldate = {2023-10-08},
}

@misc{weisstein_bessel_nodate-2,
	title = {Bessel Function of the First Kind – from Wolfram {MathWorld}},
	url = {https://mathworld.wolfram.com/BesselFunctionoftheFirstKind.html},
	author = {Weisstein, Eric W.},
	urldate = {2023-10-08},
}

@article{acharya_search_2022,
	title = {Search for magnetic monopoles produced via the Schwinger mechanism},
	volume = {602},
	url = {https://doi.org/10.1038/s41586-021-04298-1},
	doi = {10.1038/s41586-021-04298-1},
	pages = {63--67},
	number = {7895},
	journaltitle = {Nature},
	author = {Acharya, B. and Alexandre, J. and Benes, P. and Bergmann, B. and Bertolucci, S. and Bevan, A. and Branzas, H. and Burian, P. and Campbell, M. and Cho, Y. M. and Montigny, M. de and Roeck, A. De and Ellis, J. R. and Sawy, M. El and Fairbairn, M. and Felea, D. and Frank, M. and Gould, O. and Hays, J. and Hirt, A. M. and Ho, D. L.-J. and Hung, P. Q. and Janecek, J. and Kalliokoski, M. and Korzenev, A. and Lacarrère, D. H. and Leroy, C. and Levi, G. and Lionti, A. and Maulik, A. and Margiotta, A. and Mauri, N. and Mavromatos, N. E. and Mermod, P. and Millward, L. and Mitsou, V. A. and Ostrovskiy, I. and Ouimet, P.-P. and Papavassiliou, J. and Parker, B. and Patrizii, L. and Păvălaş, G. E. and Pinfold, J. L. and Popa, L. A. and Popa, V. and Pozzato, M. and Pospisil, S. and Rajantie, A. and Austri, R. Ruiz de and Sahnoun, Z. and Sakellariadou, M. and Santra, A. and Sarkar, S. and Semenoff, G. and Shaa, A. and Sirri, G. and Sliwa, K. and Soluk, R. and Spurio, M. and Staelens, M. and Suk, M. and Tenti, M. and Togo, V. and Tuszyn'ski, J. A. and Upreti, A. and Vento, V. and Vives, O.},
	date = {2022-02},
	note = {Publisher: Springer Science and Business Media {LLC}},
}

@inproceedings{tranquille_cern-elena_2018,
	title = {The {CERN}-{ELENA} electron cooler magnetic system},
	publisher = {{JACoW} Publishing, Geneva, Switzerland},
	author = {"Tranquille, Gerard and Jørgensen, Lars and Luckin, David and Warner, Rory"},
	date = {2018-05},
}

@article{petrone_induction-coil_2022,
	title = {Induction-Coil Measurement System for Normal- and Superconducting Solenoids},
	volume = {32},
	doi = {10.1109/TASC.2022.3147142},
	pages = {1--5},
	number = {6},
	journaltitle = {{IEEE} Transactions on Applied Superconductivity},
	author = {Petrone, Carlo and Sorti, Stefano and Dalane, Eivind and Mehl, Bertrand and Russenschuck, Stephan},
	date = {2022},
}

@book{noauthor_leica_2015,
	location = {Heerbrugg, Switzerland},
	edition = {v1.2},
	title = {Leica Absolute Tracker {AT}930-{AT}960 User Manual},
	publisher = {Leica Geosystems {AG}},
	date = {2015},
}

@software{hexagon_spatial_nodate,
	title = {Spatial Analyzer},
	url = {https://www.kinematics.com/spatialanalyzer},
	author = {{Hexagon}},
}

@misc{d_functional_2023,
	title = {Functional specifications for the new {AD} e-cooler},
	abstract = {This document provides the functional specifications for the new {AD} e-cooler on the basis of known effects and
operation experience.},
	author = {D, Gamba and C, Carli and L. Ponce and A, Rossi and G, Tranquille and L, Varming Joergensen},
	date = {2023-02-08},
}

@online{noauthor_board_nodate,
	title = {Board File Format {\textbar} Developer Documentation {\textbar} {KiCad}},
	url = {https://dev-docs.kicad.org/en/file-formats/sexpr-pcb/},
	urldate = {2023-11-16},
	file = {Board File Format | Developer Documentation | KiCad:/home/ville/Zotero/storage/PT7J4JXU/sexpr-pcb.html:text/html},
}

@article{braden_surveyors_1986,
	title = {The Surveyor's Area Formula},
	volume = {17},
	issn = {0746-8342, 1931-1346},
	url = {https://www.tandfonline.com/doi/full/10.1080/07468342.1986.11972974},
	doi = {10.1080/07468342.1986.11972974},
	pages = {326--337},
	number = {4},
	journaltitle = {The College Mathematics Journal},
	shortjournal = {The College Mathematics Journal},
	author = {Braden, Bart},
	urldate = {2023-12-01},
	date = {1986-09},
	langid = {english},
}

@online{noauthor_antiproton_nodate,
	title = {The Antiproton Decelerator {\textbar} {CERN}},
	url = {https://www.home.cern/science/accelerators/antiproton-decelerator},
	urldate = {2024-01-07},
	file = {The Antiproton Decelerator | CERN:/home/ville/Zotero/storage/8BU2IVYA/antiproton-decelerator.html:text/html},
}

@online{noauthor_mra-g080-103d3_nodate,
	title = {{MRA}-G080-103D3 - Further accessories {\textbar} {SICK}},
	url = {https://www.sick.com/se/en/catalog/accessories/further-accessories/mra-g080-103d3/p/p249336?tab=detail},
	urldate = {2023-12-19},
	file = {MRA-G080-103D3 - Further accessories | SICK:/home/ville/Zotero/storage/GAA7PPS4/p249336.html:text/html},
}

@online{noauthor_dfs60a-s1pa65536_nodate,
	title = {{DFS}60A-S1PA65536 - {DFS}60 {\textbar} {SICK}},
	url = {https://www.sick.com/se/en/catalog/products/motion-control-sensors/incremental-encoders/dfs60/dfs60a-s1pa65536/p/p294048},
	urldate = {2023-12-19},
	file = {DFS60A-S1PA65536 - DFS60 | SICK:/home/ville/Zotero/storage/9FF98GIX/p294048.html:text/html},
}

@inproceedings{arpaia_fast_2006,
	location = {Sorrento, Italy},
	title = {A Fast Digital Integrator for Magnetic Field Measurements at Cern},
	isbn = {978-0-7803-9360-8 978-0-7803-9359-2},
	url = {http://ieeexplore.ieee.org/document/4124277/},
	doi = {10.1109/IMTC.2006.328175},
	eventtitle = {2006 {IEEE} Instrumentation and Measurement Technology},
	pages = {67--71},
	booktitle = {2006 {IEEE} Instrumentation and Measurement Technology Conference Proceedings},
	publisher = {{IEEE}},
	author = {Arpaia, Pasquale and Bottura, Luca and Cimmino, Pasquale and Giloteaux, David and Masi, Alessandro and Perez, Juan Garcia and Spiezia, Giovanni and Walckiers, Louis},
	urldate = {2023-01-08},
	date = {2006-04},
	note = {{ISSN}: 1091-5281},
	file = {Submitted Version:/home/ville/Zotero/storage/DS89P8CG/Arpaia et al. - 2006 - A Fast Digital Integrator for Magnetic Field Measu.pdf:application/pdf},
}
